<record><leader>00000cas a22000007a 4500</leader><controlfield tag="001">48145908</controlfield><controlfield tag="008">011015d20012002akuwr ne      0    0eng  </controlfield><controlfield tag="009">466</controlfield><datafield ind1=" " ind2=" " tag="010"><subfield code="a">sn2001058077</subfield></datafield><datafield ind1=" " ind2=" " tag="040"><subfield code="a">DLC</subfield><subfield code="b">eng</subfield><subfield code="c">DLC</subfield><subfield code="d">OCLCQ</subfield><subfield code="d">DLC</subfield></datafield><datafield ind1="1" ind2=" " tag="029"><subfield code="a">AU@</subfield><subfield code="b">000023129955</subfield></datafield><datafield ind1=" " ind2=" " tag="042"><subfield code="a">msc</subfield></datafield><datafield ind1="0" ind2=" " tag="130"><subfield code="a">Valdez star (Valdez, Alsk. : 2001)</subfield></datafield><datafield ind1="0" ind2="4" tag="245"><subfield code="a">The Valdez star.</subfield></datafield><datafield ind1=" " ind2=" " tag="260"><subfield code="a">Valdez, Alsk. :</subfield><subfield code="b">R &amp; S Pub.,</subfield></datafield><datafield ind1=" " ind2=" " tag="300"><subfield code="a">v.</subfield></datafield><datafield ind1=" " ind2=" " tag="310"><subfield code="a">Weekly</subfield></datafield><datafield ind1="0" ind2=" " tag="362"><subfield code="a">Vol. 13, no. 37 (Sept. 11, 2001)-v. 14, no. 39 (Sept. 18, 2002).</subfield></datafield><datafield ind1=" " ind2=" " tag="752"><subfield code="a">United States</subfield><subfield code="b">Alaska</subfield><subfield code="d">Valdez.</subfield></datafield><datafield ind1="0" ind2="0" tag="780"><subfield code="t">Star (Valdez, Alsk. : 1993)</subfield><subfield code="w">(DLC)sn 98060238</subfield><subfield code="w">(OCoLC)39186699</subfield></datafield><datafield ind1="0" ind2="0" tag="785"><subfield code="t">Star (Valdez, Alsk. : 2002)</subfield><subfield code="w">(DLC)sn 2003058009</subfield><subfield code="w">(OCoLC)52075473</subfield></datafield></record>